
@book{henderson_encyclopedia_2009,
	title = {Encyclopedia of computer science and technology},
	isbn = {978-0-8160-6382-6},
	publisher = {Facts On File},
	author = {Henderson, Harry},
	date = {2009},
}

@book{bergin_history_1996,
	title = {History of programming languages {II}},
	isbn = {978-0-201-89502-5},
	publisher = {Addison-Wesley publ},
	author = {Bergin, Thomas J. and Gibson, Richard G.},
	date = {1996},
}

@video{computerphile_c_2015,
	title = {C Programming Language: Brian Kernighan},
	url = {https://www.youtube.com/watch?v=de2Hsvxaf8M},
	author = {{Computerphile}},
	urldate = {2024-09-12},
	date = {2015-08-18},
}

@video{computerphile_why_2017,
	title = {Why C is so Influential},
	url = {https://www.youtube.com/watch?v=ci1PJexnfNE},
	author = {{Computerphile}},
	urldate = {2024-09-12},
	date = {2017-08-25},
}

@video{att_tech_channel_att_2012,
	title = {{AT}\&T Archives: The {UNIX} Operating System},
	url = {https://www.youtube.com/watch?v=tc4ROCJYbm0},
	author = {{AT\&T Tech Channel}},
	urldate = {2024-09-12},
	date = {2012-02-22},
}

@online{noauthor_open_nodate,
	title = {Open Standards, {ISO}/{IEC} {JTC}1/{SC}22 - Programming languages and, operating systems, {WG}14 - C},
	url = {https://www9.open-std.org/JTC1/SC22/WG14/},
	urldate = {2024-09-12},
}

@online{noauthor_product_2024,
	title = {Product Security Bad Practices {\textbar} {CISA}},
	url = {https://www.cisa.gov/resources-tools/resources/product-security-bad-practices},
	urldate = {2024-11-16},
	date = {2024-10-16},
}

@online{journalist_frykter_2024,
	title = {Frykter at C++ forsvinner – for en minnesikker løsning kan brekke alt},
	url = {http://www.kode24.no/a/81931243},
	author = {Kurt Lekanger},
	urldate = {2024-11-16},
	date = {2024-09-13},
}

@book{kernighan_c_1988,
	edition = {2nd ed},
	title = {The C programming language},
	isbn = {978-0-13-110370-2},
	publisher = {Prentice Hall},
	author = {Kernighan, Brian W. and Ritchie, Dennis M.},
	date = {1988},
}

@collection{national_academy_of_engineering_memorial_2016,
	title = {Memorial tributes},
	isbn = {978-0-309-43729-5},
	series = {National academy of engineering of The United States of America},
	number = {volume 20},
	editor = {{National Academy of Engineering}},
	date = {2016},
}
